@phdthesis{akawaiocaesar2003,
    author = {Caesar-Fox, Desrey Clementine},
    institution = {Rice University},
    keywords = {kapon,grammar},
    title = {Zauro'nödok Agawayo Yau: Variants of Akawaio spoken at Waramadong},
    year = {2003}
}

@unpublished{alvarez2016esbozo,
    author = {Álvarez, José},
    address = {Maracaibo},
    keywords = {kalina},
    title = {Esbozo de una gramática de la lengua Kari’ña},
    url = {https://www.academia.edu/28516773/Esbozo\_de\_una\_gram\%C3\%A1tica\_de\_la\_lengua\_kari\%C3\%B1a},
    urldate = {2019-01-16},
    year = {2016}
}

@phdthesis{alves2017arara,
    author = {Alves, Ana Carolina Ferreira},
    institution = {Universidade de São Paulo},
    keywords = {arara},
    title = {Morfofonologia, morfossintaxe e o sistema de tempo, aspecto e modo em Arara (Karib)},
    year = {2017}
}

@book{camargo2010wayana,
    author = {Camargo, Eliane and Tapinkili, Anaiman},
    address = {Paris},
    keywords = {wayana},
    publisher = {CELIA/DRAC-Guyane, TEKUREMAI},
    title = {Hakëne omijau eitop Wajana-Palasisi / Dictionnaire bilingue Wayana-Français},
    year = {2010}
}

@book{courtz2008carib,
    author = {Courtz, Henk},
    address = {Toronto},
    keywords = {kalina,grammar},
    publisher = {Magoria Books},
    title = {A Carib grammar and dictionary},
    year = {2008}
}

@phdthesis{cruz2005fonologia,
    author = {Cruz, Maria Odileiz Sousa},
    institution = {Vrije Universiteit Amsterdam},
    keywords = {kapon,grammar},
    title = {Fonologia e gramática Ingarikó: Kaʔpon-Brasil},
    year = {2005}
}

@mastersthesis{desouza2010arara,
    author = {de Souza, Shirley Dias Cardoso},
    institution = {University of North Dakota},
    keywords = {arara},
    title = {The morphology of nouns in the Ugoroŋmo language (Arara of Pará)},
    year = {2010}
}

@mastersthesis{garcia2006diccionario,
    author = {García Ferrer, Donaldo José},
    institution = {Universidad del Zulia},
    keywords = {pemon},
    title = {Diccionario piloto pemón-español},
    type = {bathesis},
    year = {2006}
}

@book{gilij1781saggio,
    author = {Gilij, Filippo Salvadore},
    address = {Rome},
    booktitle = {Saggio di Storia {Americana}, o sia Storia Naturale, Civile, e Sacra De regni, e delle provincie {Spagnuole} di Terra-ferma nell' {America} meridionale},
    publisher = {Luigi Perego Salvioni},
    title = {Della religione, e delle lingue degli Orinochesi, e di altri Americani},
    volume = {2},
    year = {1782}
}

@book{gilij1782saggio,
    author = {Gilij, Filippo Salvadore},
    address = {Rome},
    booktitle = {Saggio di Storia {Americana}, o sia Storia Naturale, Civile, e Sacra De regni, e delle provincie {Spagnuole} di Terra-ferma nell' {America} meridionale},
    publisher = {Luigi Perego Salvioni},
    title = {Della religione, e delle lingue degli Orinochesi, e di altri Americani},
    volume = {3},
    year = {1782}
}

@book{gilij1784saggio,
    author = {Gilij, Filippo Salvadore},
    address = {Rome},
    publisher = {Luigi Perego Salvioni},
    title = {Saggio di Storia Americana, o sia Storia Naturale, Civile, e Sacra De regni, e delle provincie Spagnuole di Terra-ferma nell' America meridionale},
    volumes = {4},
    year = {1780--1784}
}

@mastersthesis{guerrero2019carijo,
    author = {Guerrero Beltrán, David Felipe},
    institution = {Universidad Nacional de Colombia},
    keywords = {carijo},
    title = {The Grammar of Space in Karijona, a Cariban language from Northwest Amazonia},
    year = {2019}
}

@incollection{hawkins2015dictionary,
    author = {Hawkins, Robert E. and Key, Mary Ritchie},
    editor = {Key, Mary Ritchie and Comrie, Bernard},
    address = {Leipzig},
    booktitle = {The Intercontinental Dictionary Series},
    keywords = {waiwai},
    publisher = {Max Planck Institute for Evolutionary Anthropology},
    title = {Wai Wai},
    url = {https://ids.clld.org/contributions/175},
    year = {2015}
}

@book{hixkaryanaderby1985,
    author = {Derbyshire, Desmond C.},
    address = {Dallas},
    keywords = {hixka,grammar},
    publisher = {Summer Institute of Linguistics},
    title = {Hixkaryana and Linguistic Typology},
    year = {1985}
}

@book{hoff1968carib,
    author = {Hoff, Berend J.},
    address = {The Hague},
    keywords = {kalina},
    publisher = {Martinus Nijhoff},
    series = {Verhandelingen van het Koninklijk instituut voor taal-, land- en volkenkunde},
    title = {The Carib Language: Phonology, Morphophonology, Morphology, Texts and Word Index},
    volume = {55},
    year = {1968}
}

@phdthesis{ikpengpacheco2001,
    author = {Pachêco, Frantomé B.},
    institution = {Universidade Estadual de Campinas},
    keywords = {ikpeng,grammar},
    title = {Morfossintaxe do verbo Ikpeng (Karíb)},
    year = {2001}
}

@incollection{koehn1986apalai,
    author = {Koehn, Edward and Koehn, Sally},
    editor = {Derbyshire, Desmond C. and Pullum, Geoffrey K.},
    address = {Berlin/New York},
    booktitle = {Handbook of Amazonian Languages},
    keywords = {apalai,grammar},
    pages = {33–127},
    publisher = {Mouton de Gruyter},
    title = {Apalai},
    volume = {1},
    year = {1986}
}

@phdthesis{kuikurodossantos2007,
    author = {dos Santos, Gélsama Mara Ferreira},
    institution = {Universidade Federal do Rio de Janeiro},
    keywords = {kuikuro,grammar},
    title = {Morfologia Kuikuro: Gerando nomes e verbos},
    year = {2007}
}

@unpublished{largo2011yukpa,
    author = {Largo, Wilson S.},
    address = {Bogotá: Fundación para el Desarrollo de Pueblos Marginados},
    howpublished = {Manuscript},
    keywords = {yukpa},
    title = {Una gramática Yukpa},
    year = {2011}
}

@incollection{macushiabbott1991,
    author = {Abbott, Miriam},
    editor = {Derbyshire, Desmond C. and Pullum, Geoffrey K.},
    address = {Berlin/New York},
    booktitle = {Handbook of Amazonian Languages},
    keywords = {macushi,grammar},
    pages = {23–160},
    publisher = {Mouton de Gruyter},
    title = {Macushi},
    volume = {3},
    year = {1991}
}

@phdthesis{maquiritaricaceres2011,
    author = {Cáceres, Natalia},
    institution = {Université Lumière Lyon 2},
    keywords = {maqui,grammar},
    title = {Grammaire fonctionnelle-typologique du ye'kwana, langue caribe du Venezuela},
    year = {2011}
}

@phdthesis{maquiritarihall1988,
    author = {Hall, Katherine Lee},
    institution = {Washington University},
    keywords = {maqui,grammar},
    title = {The Morphosyntax of Discourse in De'kwana Carib},
    year = {1988}
}

@book{mattei1994diccionario,
    author = {Mattéi-Müller, Marie-Claude},
    address = {Caracas},
    keywords = {panare,dictionary},
    publisher = {Graficas Armitano},
    title = {Diccionario ilustrado Panare-Español, Índice Español-Panare: Un aporte al estudio de los Panares-E'ñepa},
    year = {1994}
}

@article{mattei2003pemono,
    author = {Mattéi-Müller, Marie-Claude},
    journal = {Amerindia},
    keywords = {mapoyo,yawarana},
    number = {28},
    pages = {33–54},
    title = {Pémono: eslabón perdido entre mapoyo y yawarana, lenguas caribes ergativas de la Guayana noroccidental de Venezuela},
    year = {2003}
}

@mastersthesis{meira1998proto,
    author = {Meira, Sérgio},
    institution = {Rice University},
    keywords = {reconstruction,trio,carijo,akuriyo},
    title = {A reconstruction of Proto-Taranoan: Phonology and Inflectional Morphology},
    year = {1998}
}

@inproceedings{meira2002first,
    author = {Meira, Sérgio},
    editor = {Crevels, Mily and Crevels, Mily and Meira, Sérgio and van der Voort, Hein},
    address = {Leiden},
    booktitle = {Current Studies on South American Languages: Selected papers from the 50th International Congress of Americanists in Warsaw and the Spinoza Workshop on Amerindian Languages in Leiden},
    keywords = {overview,proto-cariban,pronouns},
    pages = {255–275},
    publisher = {Research institution of Asian, African, and Amerindian Studies (CNWS)},
    title = {A first comparison of pronominal and demonstrative systems in the Cariban language family},
    year = {2002}
}

@article{meira2003primeras,
    author = {Meira, Sérgio},
    journal = {Lingua Americana},
    keywords = {yukpa},
    number = {12},
    title = {Primeras observaciones sobre la lengua yukpa},
    volume = {7},
    year = {2003}
}

@article{meira2005bakairi,
    author = {Meira, Sérgio},
    journal = {Anthropological Linguistics},
    keywords = {bakairi},
    number = {3},
    pages = {261–291},
    title = {Reconstructing Pre-Bakairi Segmental Phonology},
    volume = {47},
    year = {2005}
}

@article{meira2005southern,
    author = {Meira, Sérgio and Franchetto, Bruna},
    journal = {International Journal of American Linguistics},
    keywords = {classification,overview},
    number = {2},
    pages = {127–192},
    title = {The Southern Cariban languages and the Cariban family},
    volume = {71},
    year = {2005}
}

@article{meira2010origin,
    author = {Meira, Sérgio and Gildea, Spike and Hoff, Berend J.},
    journal = {International Journal of American Linguistics},
    keywords = {proto-cariban,relational},
    number = {4},
    pages = {477–515},
    title = {On the Origin of Ablaut in the Cariban Family},
    volume = {76},
    year = {2010}
}

@misc{meiraDBakuriyo,
    author = {Meira, Sérgio},
    title = {Akuriyó shoebox database},
    year = {2022}
}

@misc{meiraDBbakairi,
    author = {Meira, Sérgio},
    title = {Bakairí shoebox database},
    year = {2022}
}

@article{mendez1959yawarana,
    author = {Méndez-Arocha, Alberto},
    journal = {Antropológica},
    keywords = {yawarana},
    pages = {65–84},
    title = {Un vocabulario Yabarana con Apuntes Fonéticos},
    volume = {7},
    year = {1959}
}

@book{mosonyi1978kalina,
    author = {Mosonyi, Jorge C.},
    address = {Caracas},
    keywords = {kalina},
    publisher = {UCAB},
    title = {Diccionario básico del idioma Cariña},
    year = {1978}
}

@article{muller1975mapoyo,
    author = {Mattéi-Müller, Marie Claude},
    address = {Caracas},
    journal = {Antropológica},
    keywords = {mapoyo},
    pages = {57–78},
    title = {Vocabulario básico de la lengua mapoya},
    volume = {42},
    year = {1975}
}

@unpublished{muller2021yawarana,
    author = {Mattéi-Müller, Marie-Claude and Cáceres Arandia, Natalia},
    note = {Flex project with 3583 lexical entries. Database in the author's possession.},
    title = {Yawarana dictionary},
    year = {2019}
}

@book{panarepayne2013,
    author = {Payne, Thomas E. and Payne, Doris L.},
    address = {Leiden},
    keywords = {panare,grammar},
    publisher = {Brill},
    series = {Brill's Studies in the Indigenous Languages of the Americas},
    title = {A Typological Grammar of Panare: A Cariban Language of Venezuela},
    year = {2013}
}

@incollection{robayo2000avance,
    author = {Robayo Moreno, Camilo Alberto},
    editor = {González de Pérez, María Stella and Rodríguez de Montes, María Luisa},
    address = {Santafé de Bogotá},
    booktitle = {Lenguas indígenas de Colombia},
    keywords = {carijo},
    pages = {171–180},
    publisher = {Instituto Caro y Cuervo},
    title = {Avance sobre morfología carijona},
    year = {2000}
}

@unpublished{schuring2018kaxuyana,
    author = {Schuring, Phillip Arthur},
    howpublished = {Manuscript},
    keywords = {kaxui},
    title = {Uma gramática morfossintática bâsica da língua Katxuyana}
}

@mastersthesis{souza1993arara,
    author = {de Souza, Shirley Dias Cardoso},
    institution = {Universidade de Brasília},
    keywords = {arara},
    title = {Alguns aspectos morfológicos da língua Arara (Karib)},
    year = {1993}
}

@book{stegeman2014akawaio,
    author = {Stegeman, Ray and Hunter, Rita},
    keywords = {kapon},
    publisher = {SIL International},
    title = {Akawaio-English Dictionary},
    url = {https://akawaio.webonary.org/},
    year = {2014}
}

@phdthesis{swiggers2010gramatica,
    author = {Swiggers, Gisela},
    institution = {Universidad del Zulia},
    keywords = {pemon},
    title = {Gramática de Referencia del Pemón},
    year = {2010}
}

@phdthesis{triomeira1999,
    author = {Meira, Sérgio},
    institution = {Rice University},
    keywords = {trio,grammar},
    title = {A Grammar of Tiriyó},
    year = {1999}
}

@phdthesis{waimiribruno2003,
    author = {Bruno, Ana Carla dos Santos},
    institution = {University of Arizona},
    keywords = {waimiri,grammar},
    title = {Waimiri Atroari Grammar: Some Phonological, Morphological, and Syntactic Aspects},
    year = {2003}
}

@incollection{waiwaihawkins1998,
    author = {Hawkins, Robert E.},
    editor = {Derbyshire, Desmond C. and Pullum, Geoffrey K.},
    address = {Berlin/New York},
    booktitle = {Handbook of Amazonian Languages},
    keywords = {waiwai,grammar},
    pages = {25–224},
    publisher = {Mouton de Gruyter},
    title = {Wai Wai},
    volume = {4},
    year = {1998}
}

@phdthesis{wayanatavares2005,
    author = {Tavares, Petronila da Silva},
    institution = {University of Houston},
    keywords = {wayana,grammar},
    publisher = {UMI},
    title = {A grammar of Wayana},
    year = {2005}
}
